<record><leader>00000cas a2200000 a 4500</leader><controlfield tag="001">30804250</controlfield><controlfield tag="007">hd bfu---baat</controlfield><controlfield tag="007">hd afu---bact</controlfield><controlfield tag="008">940721d188u1911nbuwr nea     0    0eng d</controlfield><datafield ind1=" " ind2=" " tag="010"><subfield code="a">sn 94055405 </subfield></datafield><datafield ind1=" " ind2=" " tag="040"><subfield code="a">NVG</subfield><subfield code="b">eng</subfield><subfield code="c">NVG</subfield><subfield code="d">OCL</subfield><subfield code="d">OCLCQ</subfield><subfield code="d">OCLCF</subfield><subfield code="d">OCLCO</subfield><subfield code="d">OCLCQ</subfield></datafield><datafield ind1=" " ind2=" " tag="042"><subfield code="a">msc</subfield></datafield><datafield ind1=" " ind2=" " tag="043"><subfield code="a">n-us-nb</subfield></datafield><datafield ind1="0" ind2=" " tag="130"><subfield code="a">Geneva gazette (Geneva, Neb.)</subfield></datafield><datafield ind1="1" ind2="4" tag="245"><subfield code="a">The Geneva gazette.</subfield></datafield><datafield ind1=" " ind2=" " tag="260"><subfield code="a">Geneva, Fillmore County, Neb. :</subfield><subfield code="b">Edith M. Pray,</subfield><subfield code="c">-1911.</subfield></datafield><datafield ind1=" " ind2=" " tag="300"><subfield code="a">30 volumes</subfield></datafield><datafield ind1=" " ind2=" " tag="310"><subfield code="a">Weekly</subfield></datafield><datafield ind1=" " ind2=" " tag="336"><subfield code="a">text</subfield><subfield code="b">txt</subfield><subfield code="2">rdacontent</subfield></datafield><datafield ind1=" " ind2=" " tag="337"><subfield code="a">microform</subfield><subfield code="b">h</subfield><subfield code="2">rdamedia</subfield></datafield><datafield ind1=" " ind2=" " tag="338"><subfield code="a">microfilm reel</subfield><subfield code="b">hd</subfield><subfield code="2">rdacarrier</subfield></datafield><datafield ind1="0" ind2=" " tag="362"><subfield code="a">-v. 16, no. 25 (Dec. 29, 1899) ; 19th year, no. 26 (Jan. 5, 1900)-30th year, no. 32 (Apr. 20, 1911).</subfield></datafield><datafield ind1=" " ind2=" " tag="580"><subfield code="a">Merged with: Nebraska signal and the Grafton sun and the Exeter enterprise, to form: Nebraska signal and the Geneva gazette.</subfield></datafield><datafield ind1=" " ind2=" " tag="588"><subfield code="a">Description based on: Vol. 12, no. 25 (Nov. 15, 1895).</subfield></datafield><datafield ind1=" " ind2=" " tag="533"><subfield code="a">Microfilm.</subfield><subfield code="m">1895-1911:[Gaps]</subfield><subfield code="b">Lincoln, Neb. :</subfield><subfield code="c">Nebraska State Historical Society.</subfield><subfield code="e">8 microfilm reels ; 35 mm.</subfield></datafield><datafield ind1=" " ind2="0" tag="651"><subfield code="a">Geneva (Neb.)</subfield><subfield code="v">Newspapers.</subfield></datafield><datafield ind1=" " ind2="0" tag="651"><subfield code="a">Fillmore County (Neb.)</subfield><subfield code="v">Newspapers.</subfield></datafield><datafield ind1=" " ind2="7" tag="651"><subfield code="a">Nebraska</subfield><subfield code="z">Fillmore County.</subfield><subfield code="2">fast</subfield><subfield code="0">(OCoLC)fst01220980</subfield></datafield><datafield ind1=" " ind2="7" tag="651"><subfield code="a">Nebraska</subfield><subfield code="z">Geneva.</subfield><subfield code="2">fast</subfield><subfield code="0">(OCoLC)fst01228723</subfield></datafield><datafield ind1=" " ind2="7" tag="655"><subfield code="a">Newspapers.</subfield><subfield code="2">fast</subfield><subfield code="0">(OCoLC)fst01423814</subfield></datafield><datafield ind1=" " ind2=" " tag="752"><subfield code="a">United States</subfield><subfield code="b">Nebraska</subfield><subfield code="c">Fillmore</subfield><subfield code="d">Geneva.</subfield></datafield><datafield ind1="1" ind2="7" tag="785"><subfield code="t">Nebraska signal and the Grafton sun and the Exeter enterprise</subfield><subfield code="w">(DLC)sn 94055404</subfield></datafield><datafield ind1="1" ind2="7" tag="785"><subfield code="t">Nebraska signal and the Geneva gazette</subfield><subfield code="w">(DLC)sn 94055406</subfield></datafield><datafield ind1="1" ind2=" " tag="029"><subfield code="a">AU@</subfield><subfield code="b">000022177265</subfield></datafield></record>